<collection xmlns="http://www.loc.gov/MARC21/slim">
<record>
  <leader>01384nam0a2200277 i 450 </leader>
  <controlfield tag="001">IT\ICCU\CNCE\024974</controlfield>
  <controlfield tag="005">20110712000000.0</controlfield>
  <datafield tag="012" ind1=" " ind2=" ">
    <subfield code="a">raza e.e, e,e. e.a. (C) 1572 (A)</subfield>
    <subfield code="2">fei</subfield>
  </datafield>
  <datafield tag="100" ind1=" " ind2=" ">
    <subfield code="a">19970918d1572        0itac0103    ba</subfield>
  </datafield>
  <datafield tag="101" ind1=" " ind2=" ">
    <subfield code="a">ITA</subfield>
  </datafield>
  <datafield tag="102" ind1=" " ind2=" ">
    <subfield code="a">IT</subfield>
  </datafield>
  <datafield tag="200" ind1="1" ind2=" ">
    <subfield code="a">Alcune rime spirituali de Baldantonio Solingo. Ai generosi e catolici christiani</subfield>
  </datafield>
  <datafield tag="210" ind1=" " ind2=" ">
    <subfield code="a">\Pesaro!</subfield>
    <subfield code="c">per Girolamo Concordia</subfield>
    <subfield code="d">1572</subfield>
  </datafield>
  <datafield tag="215" ind1=" " ind2=" ">
    <subfield code="a">\8! c.</subfield>
    <subfield code="d">8ʻ</subfield>
  </datafield>
  <datafield tag="620" ind1=" " ind2=" ">
    <subfield code="a">IT</subfield>
    <subfield code="d">Pesaro</subfield>
  </datafield>
  <datafield tag="700" ind1=" " ind2="1">
    <subfield code="a">Solingo,</subfield>
    <subfield code="b">Baldantonio</subfield>
    <subfield code="3">IT\ICCU\CNCA\007298</subfield>
  </datafield>
  <datafield tag="712" ind1="0" ind2="0">
    <subfield code="a">Concordia, Girolamo</subfield>
    <subfield code="3">IT\ICCU\CNCT\000006</subfield>
    <subfield code="4">650</subfield>
  </datafield>
  <datafield tag="790" ind1=" " ind2="1">
    <subfield code="a">Baldantonio,</subfield>
    <subfield code="b">Pietro</subfield>
    <subfield code="3">IT\ICCU\CNCA\007673</subfield>
    <subfield code="z">Solingo, Baldantonio</subfield>
  </datafield>
  <datafield tag="790" ind1=" " ind2="1">
    <subfield code="a">Durantino,</subfield>
    <subfield code="b">Solingo</subfield>
    <subfield code="3">IT\ICCU\CNCA\016124</subfield>
    <subfield code="z">Solingo, Baldantonio</subfield>
  </datafield>
  <datafield tag="790" ind1=" " ind2="0">
    <subfield code="a">Solingo Durantino</subfield>
    <subfield code="3">IT\ICCU\CNCA\019432</subfield>
    <subfield code="z">Solingo, Baldantonio</subfield>
  </datafield>
  <datafield tag="791" ind1="0" ind2="0">
    <subfield code="a">Concordia, Hieronymus</subfield>
    <subfield code="3">IT\ICCU\CNCT\004659</subfield>
    <subfield code="z">Concordia, Girolamo</subfield>
  </datafield>
  <datafield tag="791" ind1="0" ind2="0">
    <subfield code="a">Concordia, Gieronimo</subfield>
    <subfield code="3">IT\ICCU\CNCT\004660</subfield>
    <subfield code="z">Concordia, Girolamo</subfield>
  </datafield>
  <datafield tag="801" ind1=" " ind2="3">
    <subfield code="a">IT</subfield>
    <subfield code="b">ICCU</subfield>
    <subfield code="c">20201114</subfield>
  </datafield>
  <datafield tag="899" ind1=" " ind2=" ">
    <subfield code="a">Biblioteca universitaria Alessandrina. Roma</subfield>
    <subfield code="1">RM0280</subfield>
    <subfield code="2">RML 01</subfield>
  </datafield>
  <datafield tag="911" ind1=" " ind2=" ">
    <subfield code="a">Marca sul front.</subfield>
    <subfield code="9">IT\ICCU\CNCM\000076</subfield>
  </datafield>
  <datafield tag="921" ind1=" " ind2=" ">
    <subfield code="a">IT\ICCU\CNCM\000076</subfield>
    <subfield code="b">Serpente tra  le fiamme che morde una mano uscente dalle nuvole.</subfield>
    <subfield code="e">Cos a ciascun nocente s come qui al serpente.</subfield>
    <subfield code="c">A64</subfield>
    <subfield code="c">V177</subfield>
    <subfield code="c">Z1053</subfield>
    <subfield code="d">Dimensioni: 4 x 5,5. Con o senza motto</subfield>
    <subfield code="f">COSIACIASC</subfield>
    <subfield code="f">DITO</subfield>
    <subfield code="f">FIAMME</subfield>
    <subfield code="f">NUVOLE</subfield>
    <subfield code="f">SERPENTE</subfield>
    <subfield code="g">1557-1576</subfield>
  </datafield>
</record>
</collection>
